<?xml version="1.0" encoding="UTF-8"?><collection xmlns="http://www.loc.gov/MARC21/slim"><record><leader>00501nam--2200205-u-4500</leader><controlfield tag="001">000056685</controlfield><controlfield tag="002">20161230</controlfield><controlfield tag="005">20161230201052</controlfield><controlfield tag="008">160412s1000------------r-----000-0-rum-d</controlfield><datafield ind1=" " ind2=" " tag="040"><subfield code="a">IFIN-HH</subfield></datafield><datafield ind1=" " ind2=" " tag="041"><subfield code="a">rum</subfield></datafield><datafield ind1=" " ind2=" " tag="080"><subfield code="a">530.12.537.8</subfield></datafield><datafield ind1="1" ind2=" " tag="100"><subfield code="a">Landau, L. D</subfield></datafield><datafield ind1="1" ind2="0" tag="245"><subfield code="a">Teoria cimpului</subfield><subfield code="c">L,D Landau, E.M. Lifsit</subfield></datafield><datafield ind1=" " ind2=" " tag="260"><subfield code="a">Bucuresti</subfield><subfield code="b">Editura Tehnica</subfield><subfield code="c">1963</subfield></datafield><datafield ind1=" " ind2=" " tag="300"><subfield code="a">384p</subfield></datafield><datafield ind1="1" ind2=" " tag="700"><subfield code="a">Landau, L. D</subfield></datafield><datafield ind1=" " ind2=" " tag="700"><subfield code="a">Lifsit, E.M</subfield></datafield><datafield ind1=" " ind2=" " tag="852"><subfield code="a">9048</subfield><subfield code="c">530.1</subfield></datafield><datafield ind1=" " ind2=" " tag="CAT"><subfield code="a">Sys</subfield><subfield code="c">20160412</subfield><subfield code="h">124948</subfield></datafield></record></collection>